
@article{Ekin,
  author    = {Ekin Dogus Cubuk and
               Barret Zoph and
               Dandelion Man{\'{e}} and
               Vijay Vasudevan and
               Quoc V. Le},
  title     = {AutoAugment: Learning Augmentation Policies from Data},
  journal   = {CoRR},
  volume    = {abs/1805.09501},
  year      = {2018},
  url       = {http://arxiv.org/abs/1805.09501},
  archivePrefix = {arXiv},
  eprint    = {1805.09501},
  timestamp = {Mon, 13 Aug 2018 16:48:44 +0200},
  biburl    = {https://dblp.org/rec/bib/journals/corr/abs-1805-09501},
  bibsource = {dblp computer science bibliography, https://dblp.org}
}

@book{Goodfellow-et-al-2016,
    title={Deep Learning},
    author={Ian Goodfellow and Yoshua Bengio and Aaron Courville},
    publisher={MIT Press},
    note={\url{http://www.deeplearningbook.org}},
    year={2016}
}

@article{DBLP:journals/corr/abs-1012-2599,
  author    = {Eric Brochu and
               Vlad M. Cora and
               Nando de Freitas},
  title     = {A Tutorial on Bayesian Optimization of Expensive Cost Functions, with
               Application to Active User Modeling and Hierarchical Reinforcement
               Learning},
  journal   = {CoRR},
  volume    = {abs/1012.2599},
  year      = {2010},
  url       = {http://arxiv.org/abs/1012.2599},
  archivePrefix = {arXiv},
  eprint    = {1012.2599},
  timestamp = {Mon, 13 Aug 2018 16:46:22 +0200},
  biburl    = {https://dblp.org/rec/bib/journals/corr/abs-1012-2599},
  bibsource = {dblp computer science bibliography, https://dblp.org}
}

@ARTICLE{2018arXiv180702811F,
       author = {{Frazier}, Peter I.},
        title = "{A Tutorial on Bayesian Optimization}",
      journal = {ArXiv e-prints},
     keywords = {Statistics - Machine Learning, Computer Science - Machine Learning,
        Mathematics - Optimization and Control},
         year = 2018,
        month = Jul,
          eid = {arXiv:1807.02811},
        pages = {arXiv:1807.02811},
archivePrefix = {arXiv},
       eprint = {1807.02811},
 primaryClass = {stat.ML},
       adsurl = {https://ui.adsabs.harvard.edu/#abs/2018arXiv180702811F},
      adsnote = {Provided by the SAO/NASA Astrophysics Data System}
}

@ARTICLE{2018arXiv180201548R,
       author = {{Real}, Esteban and {Aggarwal}, Alok and {Huang}, Yanping and {Le}, Quoc
        V},
        title = "{Regularized Evolution for Image Classifier Architecture Search}",
      journal = {ArXiv e-prints},
     keywords = {Computer Science - Neural and Evolutionary Computing, Computer Science -
        Artificial Intelligence, Computer Science - Computer Vision and
        Pattern Recognition, Computer Science - Distributed, Parallel,
        and Cluster Computing, I.2.6, I.5.1, I.5.2},
         year = 2018,
        month = Feb,
          eid = {arXiv:1802.01548},
        pages = {arXiv:1802.01548},
archivePrefix = {arXiv},
       eprint = {1802.01548},
 primaryClass = {cs.NE},
       adsurl = {https://ui.adsabs.harvard.edu/#abs/2018arXiv180201548R},
      adsnote = {Provided by the SAO/NASA Astrophysics Data System}
}

@ARTICLE{2018arXiv180307055M,
       author = {{Mania}, Horia and {Guy}, Aurelia and {Recht}, Benjamin},
        title = "{Simple random search provides a competitive approach to reinforcement
        learning}",
      journal = {ArXiv e-prints},
     keywords = {Computer Science - Machine Learning, Computer Science - Artificial
        Intelligence, Mathematics - Optimization and Control, Statistics
        - Machine Learning},
         year = 2018,
        month = Mar,
          eid = {arXiv:1803.07055},
        pages = {arXiv:1803.07055},
archivePrefix = {arXiv},
       eprint = {1803.07055},
 primaryClass = {cs.LG},
       adsurl = {https://ui.adsabs.harvard.edu/#abs/2018arXiv180307055M},
      adsnote = {Provided by the SAO/NASA Astrophysics Data System}
}
